
@book{Eckel2000,
   key       = {Eckel2000},
   author    = {Eckel, B.},
   title     = {Thinking in C++, second edition, volume 1: introduction to standard C++},
   year      = {2000},
   publisher = {Prentice Hall}
}

